<record><leader>00000cas a22000007a 4500</leader><controlfield tag="001">13645673</controlfield><controlfield tag="008">860527d18771887mauwr ne      0    0eng  </controlfield><controlfield tag="009">466</controlfield><datafield ind1=" " ind2=" " tag="010"><subfield code="a">sn 86071543 </subfield></datafield><datafield ind1=" " ind2=" " tag="040"><subfield code="a">DLC</subfield><subfield code="b">eng</subfield><subfield code="c">DLC</subfield><subfield code="d">MGN</subfield><subfield code="d">DLC</subfield><subfield code="d">OCLCF</subfield></datafield><datafield ind1="1" ind2=" " tag="029"><subfield code="a">AU@</subfield><subfield code="b">000025787147</subfield></datafield><datafield ind1=" " ind2=" " tag="042"><subfield code="a">msc</subfield></datafield><datafield ind1=" " ind2=" " tag="043"><subfield code="a">n-us-ma</subfield></datafield><datafield ind1="0" ind2="0" tag="050"><subfield code="a">Newspaper</subfield></datafield><datafield ind1="0" ind2="0" tag="245"><subfield code="a">Cape Ann bulletin.</subfield></datafield><datafield ind1=" " ind2=" " tag="260"><subfield code="a">Gloucester, Mass. :</subfield><subfield code="b">Woodbury, Lowe &amp; Co.</subfield></datafield><datafield ind1=" " ind2=" " tag="300"><subfield code="a">v.</subfield></datafield><datafield ind1=" " ind2=" " tag="310"><subfield code="a">Weekly</subfield></datafield><datafield ind1="0" ind2=" " tag="362"><subfield code="a">Vol. 1, no. 1 (Nov. 7, 1877)-</subfield></datafield><datafield ind1="1" ind2=" " tag="362"><subfield code="a">Ceased in 1887?</subfield></datafield><datafield ind1=" " ind2="0" tag="651"><subfield code="a">Gloucester (Mass.)</subfield><subfield code="v">Newspapers.</subfield></datafield><datafield ind1=" " ind2="7" tag="655"><subfield code="a">Newspapers.</subfield><subfield code="2">fast</subfield><subfield code="0">(OCoLC)fst01423814</subfield></datafield><datafield ind1=" " ind2="7" tag="651"><subfield code="a">Massachusetts</subfield><subfield code="z">Gloucester.</subfield><subfield code="2">fast</subfield><subfield code="0">(OCoLC)fst01208694</subfield></datafield><datafield ind1=" " ind2=" " tag="752"><subfield code="a">United States</subfield><subfield code="b">Massachusetts</subfield><subfield code="c">Essex</subfield><subfield code="d">Gloucester.</subfield></datafield><datafield ind1="0" ind2=" " tag="775"><subfield code="t">Cape Ann evening breeze</subfield><subfield code="w">(DLC)sn 86071541</subfield><subfield code="w">(OCoLC)13645252</subfield></datafield><datafield ind1="0" ind2="0" tag="780"><subfield code="t">Gloucester telegraph (Gloucester, Mass. : 1866)</subfield><subfield code="w">(DLC)sn 83020199</subfield><subfield code="w">(OCoLC)9289897</subfield></datafield></record>